%% Copyright chapter %%
@online{DRM-Game-Carolina,
  author  = {Bryan Norris and Michelle Humphries},
  organization = {University of North Carolina-Chapel Hill School of Law},
  title   = {Digital Rights Management in games},
  year    = 2013,
  urldate = {2015-06-18},
  url     = {http://drm.web.unc.edu/games}
}

@online{iOS-Encryption,
  author  = {David Schuetz},
  title   = {A (not so) quick primer on iOS encryption},
  year    = 2014,
  urldate = {2015-06-18},
  url     = {http://www.darthnull.org/2014/10/06/ios-encryption}
}

@online{Wiki-DRM,
  author  = {Wikipedia},
  title   = {Gestión digital de derechos},
  year    = 2015,
  urldate = {2015-06-18},
  url     = {http://es.wikipedia.org/wiki/Gestión_digital_de_derechos}
}

@article{Apple-DRM,
  author = {Joe Mullin},
  title  = {Apple will face \$350M trial over iPod DRM},
  journaltitle = {Ars Technica},
  date   = {2014-10-03},
  url    = {http://arstechnica.com/tech-policy/2014/10/apple-will-face-350m-trial-over-ipod-drm}
}

@article{EOL-Projekt,
  author  = {Benzo},
  title   = {CD Projekt Red sobre el DRM: "No queremos asaltar a nadie"},
  journaltitle = {El Otro Lado},
  date = {2014-09-30},
  url  = {http://www.elotrolado.net/noticia_cd-projekt-red-sobre-el-drm-no-queremos-asaltar-a-nadie_25083}
}

@online{Wiki-AlwaysOn,
  author  = {Wikipedia},
  title   = {Always-on DRM},
  year    = 2015,
  urldate = {2015-06-18},
  url     = {https://en.wikipedia.org/wiki/Always-on_DRM}
}

@online{GH-npdata,
  author  = {Hykem},
  title   = {make\_npdata},
  year    = 2014,
  urldate = {2015-06-18},
  url     = {https://github.com/Hykem/make_npdata}
}

@article{YT-Gameplay,
  author  = {Craig Chapple},
  title   = {'We are not evil trolls': INDmusic responds to YouTube copyright anger},
  journaltitle = {Develop Online},
  date = {2013-12-19},
  url  = {http://www.develop-online.net/news/we-are-not-evil-trolls-indmusic-responds-to-youtube-copyright-anger/0187578}
}

@online{GTemp-GHhack,
  author  = {FAST6191},
  title   = {How to change buttons on Guitar Hero: On Tours hack},
  year    = 2011,
  urldate = {2015-06-18},
  url     = {https://gbatemp.net/threads/how-to-change-buttons-on-guitar-hero-on-tour-hack.275789/\#post-3411881}
}

@online{SH-GH,
  author  = {KysarKills},
  title   = {On Tour - Extracting Charts Tutorial Up},
  year    = 2008,
  urldate = {2015-06-18},
  url     = {http://www.scorehero.com/forum/viewtopic.php?t=67124}
}

@online{Ungob,
  author  = {tma},
  title   = {SlowHero: GOB extractor},
  year    = 2008,
  urldate = {2015-06-18},
  url     = {http://slowhero.moto-coda.org/tech/ungob.pl}
}

@online{Xentax-HWAS,
  author  = {GameZelda},
  title   = {Guitar Hero On Tour *.hwas codec},
  year    = 2008,
  urldate = {2015-06-18},
  url     = {http://forum.xentax.com/viewtopic.php?p=25994&sid=107c2dd6cbc8adc41b01de7d23584700#p25994}
}

@online{PlayAsia-NinokuniDSSound,
  author  = {Joe Hisaishi},
  title   = {Ni No Kuni Shikkoku No Madoushi Original Soundtrack},
  year    = 2011,
  urldate = {2015-06-18},
  url     = {http://www.play-asia.com/ni-no-kuni-shikkoku-no-madoushi-original-soundtrack/13/704299}
}

@online{Amazon-NinokuniPS3Sound,
  author  = {Joe Hisaishi},
  title   = {Ni no Kuni: Wrath of the White Witch [Original Soundtrack]},
  year    = 2013,
  urldate = {2015-06-18},
  url     = {http://www.amazon.com/Ni-Kuni-Wrath-Original-Soundtrack/dp/B00DRS6UKQ}
}
